% This file was created with JabRef 2.7.1.
% Encoding: UTF8

@INPROCEEDINGS{Ahmadian2016,
  author = {Ahmadian, Mohammad Mehdi and Shahriari, Hamid Reza},
  title = {2entFOX: A framework for high survivable ransomwares detection},
  booktitle = {Information Security and Cryptology (ISCISC), 2016 13th International
	Iranian Society of Cryptology Conference on},
  year = {2016},
  pages = {79--84},
  organization = {IEEE},
  file = {\:/home/yarn/Masterarbeit/Reading Material/2016 - 2entFOX\\: A framework for high survivable ransomwares detection.pdf:PDF}
}

@INPROCEEDINGS{Ahmadian2015,
  author = {Ahmadian, Mohammad Mehdi and Shahriari, Hamid Reza and Ghaffarian,
	Seyed Mohammad},
  title = {Connection-monitor \& connection-breaker: A novel approach for prevention
	and detection of high survivable ransomwares},
  booktitle = {Information Security and Cryptology (ISCISC), 2015 12th International
	Iranian Society of Cryptology Conference on},
  year = {2015},
  pages = {79--84},
  organization = {IEEE},
  file = {\:/home/yarn/Masterarbeit/Reading Material/2015 - Connection-monitor & connection-breaker\\: A novel approach for prevention and detection of high survivable ransomwares.pdf:PDF}
}

@INPROCEEDINGS{Andronio2015,
  author = {Andronio, Nicol{\'o} and Zanero, Stefano and Maggi, Federico},
  title = {HelDroid: Dissecting and detecting mobile ransomware},
  booktitle = {International Workshop on Recent Advances in Intrusion Detection},
  year = {2015},
  pages = {382--404},
  organization = {Springer},
  file = {\:/home/yarn/Masterarbeit/Reading Material/2015 - HelDroid\\: Dissecting and Detecting Mobile Ransomware.pdf:PDF}
}

@ARTICLE{Cabaj2016,
  author = {Cabaj, Krzysztof and Mazurczyk, Wojciech},
  title = {Using Software-Defined Networking for Ransomware Mitigation: the
	Case of CryptoWall},
  journal = {IEEE Network},
  year = {2016},
  volume = {30},
  pages = {14--20},
  number = {6},
  file = {\:/home/yarn/Masterarbeit/Reading Material/2016 - Using Software-Defined Networking for Ransomware Mitigation\\: the Case of CryptoWall.pdf:PDF},
  publisher = {IEEE}
}

@MISC{Cobb2017,
  author = {Cobb, Stephen},
  title = {RoT: Ransomware of Things},
  year = {2017},
  file = {\:/home/yarn/Masterarbeit/Reading Material/2017 - RoT\\: Ransomware of Things.pdf:PDF},
  publisher = {Trends}
}

@INPROCEEDINGS{Continella2016,
  author = {Continella, Andrea and Guagnelli, Alessandro and Zingaro, Giovanni
	and De Pasquale, Giulio and Barenghi, Alessandro and Zanero, Stefano
	and Maggi, Federico},
  title = {ShieldFS: a self-healing, ransomware-aware filesystem},
  booktitle = {Proceedings of the 32nd Annual Conference on Computer Security Applications},
  year = {2016},
  pages = {336--347},
  organization = {ACM},
  file = {\:/home/yarn/Masterarbeit/Reading Material/2016 - ShieldFS\\: a self-healing, ransomware-aware filesystem.pdf:PDF}
}

@INPROCEEDINGS{Gagneja2017,
  author = {Gagneja, Kanwalinderjit K},
  title = {Knowing the ransomware and building defense against it-specific to
	healthcare institutes},
  booktitle = {Mobile and Secure Services (MobiSecServ), 2017 Third International
	Conference on},
  year = {2017},
  pages = {1--5},
  organization = {IEEE},
  file = {:/home/yarn/Masterarbeit/Reading Material/2017 - Knowing the ransomware and building defense against it-specific to healthcare institutes.pdf:PDF}
}

@ARTICLE{Gazet2010,
  author = {Gazet, Alexandre},
  title = {Comparative analysis of various ransomware virii},
  journal = {Journal in computer virology},
  year = {2010},
  volume = {6},
  pages = {77--90},
  number = {1},
  file = {:/home/yarn/Masterarbeit/Reading Material/2010 - Comparative analysis of various ransomware virii.pdf:PDF},
  publisher = {Springer}
}

@ARTICLE{Gupta2017,
  author = {Gupta, Ganesh and Tripathi, Khushboo},
  title = {STUDY ON RANSOMWARE ATTACK AND ITS PREVENTION},
  journal = {International Education and Research Journal},
  year = {2017},
  volume = {3},
  number = {5},
  file = {:/home/yarn/Masterarbeit/Reading Material/2017 - STUDY ON RANSOMWARE ATTACK AND ITS PREVENTION.pdf:PDF}
}

@ARTICLE{Hernandez-Castro2017,
  author = {Hernandez-Castro, Julio and Cartwright, Edward and Stepanova, Anna},
  title = {Economic Analysis of Ransomware},
  year = {2017},
  file = {:/home/yarn/Masterarbeit/Reading Material/2017 - Economic Analysis of Ransomware.pdf:PDF}
}

@INPROCEEDINGS{Juels2016,
  author = {Juels, Ari and Kosba, Ahmed and Shi, Elaine},
  title = {The ring of Gyges: Investigating the future of criminal smart contracts},
  booktitle = {Proceedings of the 2016 ACM SIGSAC Conference on Computer and Communications
	Security},
  year = {2016},
  pages = {283--295},
  organization = {ACM},
  file = {\:/home/yarn/Masterarbeit/Reading Material/2016 - The Ring of Gyges\\: Investigating the Future of Criminal Smart Contracts.pdf:PDF}
}

@ARTICLE{Kaptchuk2017,
  author = {Kaptchuk, Gabriel and Miers, Ian and Green, Matthew},
  title = {Managing Secrets with Consensus Networks: Fairness, Ransomware and
	Access Control.},
  journal = {IACR Cryptology ePrint Archive},
  year = {2017},
  volume = {2017},
  pages = {201},
  file = {\:/home/yarn/Masterarbeit/Reading Material/2017 - Managing Secrets with Consensus Networks\\: Fairness, Ransomware and Access Control.pdf:PDF}
}

@INPROCEEDINGS{Kharraz2015,
  author = {Kharraz, Amin and Robertson, William and Balzarotti, Davide and Bilge,
	Leyla and Kirda, Engin},
  title = {Cutting the gordian knot: A look under the hood of ransomware attacks},
  booktitle = {International Conference on Detection of Intrusions and Malware,
	and Vulnerability Assessment},
  year = {2015},
  pages = {3--24},
  organization = {Springer},
  file = {\:/home/yarn/Masterarbeit/Reading Material/2015 - Cutting the gordian knot\\: A look under the hood of ransomware attacks.pdf:PDF}
}

@INPROCEEDINGS{Kirda2017,
  author = {Kirda, Engin},
  title = {UNVEIL: A large-scale, automated approach to detecting ransomware
	(keynote)},
  booktitle = {Software Analysis, Evolution and Reengineering (SANER), 2017 IEEE
	24th International Conference on},
  year = {2017},
  pages = {1--1},
  organization = {IEEE},
  file = {\:/home/yarn/Masterarbeit/Reading Material/2017 - UNVEIL\\: A large-scale, automated approach to detecting ransomware (keynote).pdf:PDF}
}

@INPROCEEDINGS{Kolodenker2017,
  author = {Kolodenker, Eugene and Koch, William and Stringhini, Gianluca and
	Egele, Manuel},
  title = {PayBreak: Defense against cryptographic ransomware},
  booktitle = {Proceedings of the 2017 ACM on Asia Conference on Computer and Communications
	Security},
  year = {2017},
  pages = {599--611},
  organization = {ACM},
  file = {\:/home/yarn/Masterarbeit/Reading Material/2017 - PayBreak\\: Defense against cryptographic ransomware.pdf:PDF}
}

@INPROCEEDINGS{Liao2016,
  author = {Liao, Kevin and Zhao, Ziming and Doup{\'e}, Adam and Ahn, Gail-Joon},
  title = {Behind closed doors: measurement and analysis of CryptoLocker ransoms
	in Bitcoin},
  booktitle = {Electronic Crime Research (eCrime), 2016 APWG Symposium on},
  year = {2016},
  pages = {1--13},
  organization = {IEEE},
  file = {\:/home/yarn/Masterarbeit/Reading Material/2016 - Behind closed doors\\: measurement and analysis of CryptoLocker ransoms in Bitcoin.pdf:PDF}
}

@INPROCEEDINGS{Maiorca2017,
  author = {Maiorca, Davide and Mercaldo, Francesco and Giacinto, Giorgio and
	Visaggio, Corrado Aaron and Martinelli, Fabio},
  title = {R-PackDroid: API package-based characterization and detection of
	mobile ransomware},
  booktitle = {Proceedings of the Symposium on Applied Computing},
  year = {2017},
  pages = {1718--1723},
  organization = {ACM},
  file = {\:/home/yarn/Masterarbeit/Reading Material/2017 - R-PackDroid\\: API package-based characterization and detection of mobile ransomware.pdf:PDF}
}

@MISC{Martin2017,
  author = {Martin, Guy and Kinross, James and Hankin, Chris},
  title = {Effective cybersecurity is fundamental to patient safety},
  year = {2017},
  file = {:/home/yarn/Masterarbeit/Reading Material/Internet Report - Effective cybersecurity is fundamental to patient safety.pdf:PDF},
  publisher = {British Medical Journal Publishing Group}
}

@INPROCEEDINGS{Mercaldo2016,
  author = {Mercaldo, Francesco and Nardone, Vittoria and Santone, Antonella},
  title = {Ransomware Inside Out},
  booktitle = {Availability, Reliability and Security (ARES), 2016 11th International
	Conference on},
  year = {2016},
  pages = {628--637},
  organization = {IEEE},
  file = {:/home/yarn/Masterarbeit/Reading Material/2016 - Ransomware Inside Out.pdf:PDF}
}

@INPROCEEDINGS{Moore2016,
  author = {Moore, Chris},
  title = {Detecting Ransomware with Honeypot Techniques},
  booktitle = {Cybersecurity and Cyberforensics Conference (CCC), 2016},
  year = {2016},
  pages = {77--81},
  organization = {IEEE},
  file = {:/home/yarn/Masterarbeit/Reading Material/2016 - Detecting Ransomware with Honeypot Techniques.pdf:PDF}
}

@INPROCEEDINGS{Nagpal2016,
  author = {Nagpal, Bharti and Wadhwa, Vinayak},
  title = {Cryptoviral Extortion: Evolution, Scenarios, and Analysis},
  booktitle = {Proceedings of the International Conference on Signal, Networks,
	Computing, and Systems},
  year = {2016},
  pages = {309--316},
  organization = {Springer},
  file = {\:/home/yarn/Masterarbeit/Reading Material/2016 - Cryptoviral Extortion\\: Evolution, Scenarios, and Analysis.pdf:PDF}
}

@BOOK{OGorman2012,
  title = {Ransomware: A growing menace},
  publisher = {Symantec Corporation},
  year = {2012},
  author = {O'Gorman, Gavin and McDonald, Geoff},
  file = {\:/home/yarn/Masterarbeit/Reading Material/2012 - Ransomware\\: A growing menace.pdf:PDF}
}

@ARTICLE{Orman2016,
  author = {Orman, Hilarie},
  title = {Evil Offspring-Ransomware and Crypto Technology},
  journal = {IEEE Internet Computing},
  year = {2016},
  volume = {20},
  pages = {89--94},
  number = {5},
  file = {:/home/yarn/Masterarbeit/Reading Material/2016 - Evil Offspring-Ransomware and Crypto Technology.pdf:PDF},
  publisher = {IEEE}
}

@MISC{OstermanResearch2016,
  author = {Osterman Research, Inc.},
  title = {Understanding the Depth of the Global Ransomware Problem},
  year = {2016},
  file = {:/home/yarn/Masterarbeit/Reading Material/2016 - Understanding The Depth Of Ransomware In the US.pdf:PDF},
  owner = {yarn},
  timestamp = {2017.06.28},
  url = {https://www.malwarebytes.com/pdf/white-papers/UnderstandingTheDepthOfRansomwareIntheUS.pdf}
}

@ARTICLE{Richardson2017,
  author = {Richardson, Ronny and North, Max},
  title = {Ransomware: Evolution, Mitigation and Prevention},
  journal = {International Management Review},
  year = {2017},
  volume = {13},
  pages = {10},
  number = {1},
  file = {\:/home/yarn/Masterarbeit/Reading Material/2017 - Ransomware\\: Evolution, Mitigation and Prevention.pdf:PDF},
  publisher = {American Scholars Press, Inc.}
}

@INPROCEEDINGS{Scaife2016,
  author = {Scaife, Nolen and Carter, Henry and Traynor, Patrick and Butler,
	Kevin RB},
  title = {Cryptolock (and drop it): stopping ransomware attacks on user data},
  booktitle = {Distributed Computing Systems (ICDCS), 2016 IEEE 36th International
	Conference on},
  year = {2016},
  pages = {303--312},
  organization = {IEEE},
  file = {\:/home/yarn/Masterarbeit/Reading Material/2016 - Cryptolock (and drop it)\\: stopping ransomware attacks on user data.pdf:PDF}
}

@ARTICLE{Sgandurra2016,
  author = {Sgandurra, Daniele and Mu{\~n}oz-Gonz{\'a}lez, Luis and Mohsen, Rabih
	and Lupu, Emil C},
  title = {Automated Dynamic Analysis of Ransomware: Benefits, Limitations and
	use for Detection},
  journal = {arXiv preprint arXiv:1609.03020},
  year = {2016},
  file = {\:/home/yarn/Masterarbeit/Reading Material/2016 - Automated Dynamic Analysis of Ransomware\\: Benefits, Limitations and use for Detection.pdf:PDF}
}

@INPROCEEDINGS{Shinde2016,
  author = {Shinde, Rhythima and Van der Veeken, Pieter and Van Schooten, Stijn
	and van den Berg, Jan},
  title = {Ransomware: Studying transfer and mitigation},
  booktitle = {Computing, Analytics and Security Trends (CAST), International Conference
	on},
  year = {2016},
  pages = {90--95},
  organization = {IEEE},
  file = {:/home/yarn/Masterarbeit/Reading Material/2016 - Ransomware Studying transfer and mitigation.pdf:PDF}
}

@INPROCEEDINGS{Shukla2016,
  author = {Shukla, Manish and Mondal, Sutapa and Lodha, Sachin},
  title = {POSTER: Locally Virtualized Environment for Mitigating Ransomware
	Threat},
  booktitle = {Proceedings of the 2016 ACM SIGSAC Conference on Computer and Communications
	Security},
  year = {2016},
  pages = {1784--1786},
  organization = {ACM},
  file = {\:/home/yarn/Masterarbeit/Reading Material/2017 - POSTER\\: Locally Virtualized Environment for Mitigating Ransomware Threat.pdf:PDF}
}

@MISC{Symantec2017,
  author = {Symantec},
  title = {Ransom.Wannacry},
  year = {2017},
  note = {https://www.symantec.com/security\_response/writeup.jsp?docid=2017-051310-3522-99},
  url = {https://www.symantec.com/security_response/writeup.jsp?docid=2017-051310-3522-99}
}

@MISC{Symantec2017a,
  author = {Symantec},
  title = {Trojan.Cryzip},
  year = {2017},
  url = {https://www.symantec.com/security_response/writeup.jsp?docid=2006-031314-5208-99}
}

@ARTICLE{Upadhaya2017,
  author = {Upadhaya, Rajneesh and others},
  title = {The importance of Security, Privacy and Trust in Cyber Security},
  year = {2017},
  file = {:/home/yarn/Masterarbeit/Reading Material/2017 - The importance of Security, Privacy and Trust in Cyber Security.pdf:PDF},
  publisher = {دار جامعة نايف للنشر}
}

@INPROCEEDINGS{Upadhyaya2016,
  author = {Upadhyaya, Rhyme and Jain, Aruna},
  title = {Cyber ethics and cyber crime: A deep dwelved study into legality,
	ransomware, underground web and bitcoin wallet},
  booktitle = {Computing, Communication and Automation (ICCCA), 2016 International
	Conference on},
  year = {2016},
  pages = {143--148},
  organization = {IEEE},
  file = {\:/home/yarn/Masterarbeit/Reading Material/2016 - Cyber ethics and cyber crime\\: A deep dwelved study into legality, ransomware, underground web and bitcoin wallet.pdf:PDF}
}

@INPROCEEDINGS{Wecksten2016,
  author = {Weckst{\'e}n, Mattias and Frick, Jan and Sj{\"o}str{\"o}m, Andreas
	and J{\"a}rpe, Eric},
  title = {A novel method for recovery from Crypto Ransomware infections},
  booktitle = {Computer and Communications (ICCC), 2016 2nd IEEE International Conference
	on},
  year = {2016},
  pages = {1354--1358},
  organization = {IEEE},
  file = {:/home/yarn/Masterarbeit/Reading Material/2016 - A novel method for recovery from Crypto Ransomware infections.pdf:PDF}
}

@INPROCEEDINGS{Yang2015,
  author = {Yang, Tianda and Yang, Yu and Qian, Kai and Lo, Dan Chia-Tien and
	Qian, Ying and Tao, Lixin},
  title = {Automated detection and analysis for android ransomware},
  booktitle = {High Performance Computing and Communications (HPCC), 2015 IEEE 7th
	International Symposium on Cyberspace Safety and Security (CSS),
	2015 IEEE 12th International Conferen on Embedded Software and Systems
	(ICESS), 2015 IEEE 17th International Conference on},
  year = {2015},
  pages = {1338--1343},
  organization = {IEEE},
  file = {:/home/yarn/Masterarbeit/Reading Material/2015 - Automated detection and analysis for android ransomware.pdf:PDF}
}

@INPROCEEDINGS{Young2003,
  author = {Young, Adam},
  title = {Non-zero sum games and survivable malware},
  booktitle = {Information Assurance Workshop, 2003. IEEE Systems, Man and Cybernetics
	Society},
  year = {2003},
  pages = {24--29},
  organization = {IEEE},
  file = {:/home/yarn/Masterarbeit/Reading Material/2003 - Non-zero sum games and survivable malware.pdf:PDF}
}

@ARTICLE{Zavarsky2016,
  author = {Zavarsky, Pavol and Lindskog, Dale and others},
  title = {Experimental Analysis of Ransomware on Windows and Android Platforms:
	Evolution and Characterization},
  journal = {Procedia Computer Science},
  year = {2016},
  volume = {94},
  pages = {465--472},
  file = {\:/home/yarn/Masterarbeit/Reading Material/2016 - Experimental Analysis of Ransomware on Windows and Android Platforms\\: Evolution and Characterization.pdf:PDF},
  publisher = {Elsevier}
}

